@article{farzanMunro,
    author    = "Arash Farzan and J. Ian Munro",
    title     = "A Uniform Paradigm to Succinctly Encode Various Families of Trees",
    journal   = "Springer Science+Business Media",
    ?_volume   = "",
    ?_number   = "",
    ?_pages    = "",
    year      = "2012",
    ?_month    = "",
    ?_note     = "",
}

@article{universalSuccinct,
    author    = "J. Ian Munro and Patrik K. Nicholson and Luisa Seelbach Benkner and Sebastian Wild",
    title     = "Hypersuccinct Trees â€“ A Universally Compressed Data Structure for Binary and Ordinal Trees",
    journal   = "",
    ?_volume   = "",
    ?_number   = "",
    ?_pages    = "",
    year      = "2021",
    ?_month    = "01",
    ?_note     = "22",
}

@article{threading,
    archiveprefix = "arXiv",
    author        = "Barak Shoshany",
    doi           = "10.5281/zenodo.4742687",
    eid           = "arXiv:2105.00613",
    eprint        = "2105.00613",
    journal       = "arXiv e-prints",
    keywords      = "Computer Science - Distributed, Parallel, and Cluster Computing, D.1.3, D.1.5",
    month         = "May",
    primaryclass  = "cs.DC",
    title         = "A C++17 Thread Pool for High-Performance Scientific Computing",
    year          = "2021"
}

@article{succinctBV,
    author    = "R. Raman and V. Raman and S. S. Rao",
    title     = "Succinct Indexable Dictionaries with Applications to Encoding k-ary Trees and Multisets",
    journal   = "ACM Transactions on Algorithms (TALG)",
    ?_volume   = "Vol. 3",
    ?_number   = "",
    ?_pages    = "",
    year      = "2007",
    ?_month    = "",
    ?_note     = "",
}

@misc{irrXMLLink,
    author    = "Nikolaus Gebhardt",
    title     = "IrrXML",
    note	= "Last accessed 17 January 2022",
    url   = "https://www.ambiera.com/irrxml/",
}

@misc{succinctBVLink,
    ?_author    = "???",
    title     = "succinctBV",
    note	= "Last accessed on 17 January 2022",
    url   = "https://github.com/ChristopherPack/succinct-bit-vector",
    year      = "2021",
}

@misc{googletestLink,
    ?_author    = "",
    title     = "GoogleTest",
    note	= "Last accessed on 17 January 2022",
    url   = "https://github.com/google/googletest",
    year      = "2021",
}

@inbook{catalanN,
  title= "The art of computer programming. Vol. 1: Fundamental algorithms",
  edition="3",
  author="Donald E. Knuth",
  year="1997",
  chapter="2.3.4.4"
}